01REMESSA01COBRANCA       15229000225363000000IBOLT                         001BANCO DO BRASIL2202170000001                      3952654                                                                                                                                                                                                                                                                  000001
702073757840001811522900022536339526540000000000000000000000050395265400000003670000  00   0190000000     1701000000036723021700000002312310010000 13N200217000000000000000000000000000000000000000000000000000000000000000100011402374645DANIEL NADSON CABRAL SILVA              CANDIDA RIBEIRO 970 CASA 2              ESPLANADA   39401464MONTES CLAROS  MG                                           000002
5992240217000000000200                                                                                                                                                                                                                                                                                                                                                                                    000003
702073757840001811522900022536339526540000000000000000000000049395265400000003660000  00   0190000000     1701000000036623021700000001234560010000 13N200217000000000000000000000000000000000000000000000000000000000000000100011402065671DANIEL NADSON CABRAL SILVA              CANDIDA RIBEIRO 970 CASA 2              ESPLANADA   39401464MONTES CLAROS  MG                                           000004
5992240217000000000200                                                                                                                                                                                                                                                                                                                                                                                    000005
9                                                                                                                                                                                                                                                                                                                                                                                                         000006